<record xmlns:xsi="http://www.w3.org/2001/XMLSchema-instance" xmlns="http://www.loc.gov/MARC21/slim" xsi:schemaLocation="http://www.loc.gov/MARC21/slim http://www.loc.gov/standards/marcxml/schema/MARC21slim.xsd">

  <leader>00455nam a2200169Ia 4500</leader>
  <controlfield tag="008">151104b2003    bl ||||| |||| 00| | spa d</controlfield>
  <datafield ind1=" " tag="020" ind2=" ">
    <subfield code="a">857429103X</subfield>
  </datafield>
  <datafield tag="090" ind2=" " ind1=" ">
    <subfield code="a">06.01.01  </subfield>
    <subfield code="b">1373</subfield>
  </datafield>
  <datafield tag="100" ind2=" " ind1="1">
    <subfield code="a">Ahlert, Alvori</subfield>
    <subfield code="9">1154</subfield>
  </datafield>
  <datafield ind2="2" tag="245" ind1="1">
    <subfield code="a">A eticidade da educaçao / </subfield>
    <subfield code="c">Alvori Ahlert</subfield>
  </datafield>
  <datafield ind2=" " tag="260" ind1=" ">
    <subfield code="a">2 edición</subfield>
  </datafield>
  <datafield ind1=" " tag="260" ind2=" ">
    <subfield code="a">Ijuí : </subfield>
    <subfield code="b">Unijuí, </subfield>
    <subfield code="c">2003</subfield>
  </datafield>
  <datafield ind2=" " tag="300" ind1=" ">
    <subfield code="a">192 páginas</subfield>
  </datafield>
  <datafield ind1="1" tag="650" ind2="4">
    <subfield code="a">HISTORIA DE LA EDUCACIÓN</subfield>
    <subfield code="9">832</subfield>
  </datafield>
  <datafield ind1="1" ind2="4" tag="650">
    <subfield code="a">ÉTICA</subfield>
    <subfield code="9">563</subfield>
  </datafield>
  <datafield ind1=" " ind2=" " tag="942">
    <subfield code="2">z</subfield>
    <subfield code="c">01</subfield>
  </datafield>
  <datafield ind2=" " tag="999" ind1=" ">
    <subfield code="c">293</subfield>
    <subfield code="d">293</subfield>
  </datafield>
</record>